[gd_scene load_steps=16 format=2]

[ext_resource path="res://Assets/Large Buttons/Colored Large Buttons/Play col_Button.png" type="Texture" id=1]
[ext_resource path="res://Assets/Large Buttons/Colored Large Buttons/Quit  col_Button.png" type="Texture" id=2]
[ext_resource path="res://Scripts/TextureRect2.gd" type="Script" id=3]
[ext_resource path="res://Assets/Gameplay.png" type="Texture" id=4]
[ext_resource path="res://Assets/SCML/2/WEAPON.png" type="Texture" id=5]
[ext_resource path="res://Scripts/Mainmenu.gd" type="Script" id=6]
[ext_resource path="res://Assets/Backgrounds/backgroundColorGrass.png" type="Texture" id=7]
[ext_resource path="res://Scripts/TextureRect.gd" type="Script" id=8]
[ext_resource path="res://Assets/Menu Buttons sprite (Colored).png" type="Texture" id=9]
[ext_resource path="res://Scripts/TextureRect5.gd" type="Script" id=10]
[ext_resource path="res://Scripts/TextureRect3.gd" type="Script" id=11]
[ext_resource path="res://Scripts/TextureRect4.gd" type="Script" id=12]

[sub_resource type="AtlasTexture" id=1]
flags = 4
atlas = ExtResource( 9 )
region = Rect2( 609, 208, 600, 200 )

[sub_resource type="AtlasTexture" id=2]
flags = 4
atlas = ExtResource( 9 )
region = Rect2( 2036, 417, 200, 200 )

[sub_resource type="AtlasTexture" id=3]
flags = 4
atlas = ExtResource( 9 )
region = Rect2( 1826, 625, 200, 200 )

[node name="Mainmenu" type="MarginContainer"]
anchor_right = 1.0
anchor_bottom = 1.0
script = ExtResource( 6 )
__meta__ = {
"_edit_use_anchors_": false
}

[node name="HBoxContainer" type="HBoxContainer" parent="."]
margin_right = 1970.0
margin_bottom = 1088.0

[node name="VBoxContainer" type="VBoxContainer" parent="HBoxContainer"]
margin_right = 600.0
margin_bottom = 1088.0

[node name="TextureRect4" type="TextureRect" parent="HBoxContainer/VBoxContainer"]
margin_right = 600.0
margin_bottom = 272.0
texture = ExtResource( 5 )
__meta__ = {
"_edit_use_anchors_": false
}

[node name="TextureRect5" type="TextureRect" parent="HBoxContainer/VBoxContainer"]
margin_top = 276.0
margin_right = 600.0
margin_bottom = 476.0
texture = SubResource( 1 )
script = ExtResource( 10 )

[node name="TextureRect" type="TextureRect" parent="HBoxContainer/VBoxContainer"]
margin_top = 480.0
margin_right = 600.0
margin_bottom = 680.0
texture = ExtResource( 1 )
script = ExtResource( 8 )
__meta__ = {
"_edit_use_anchors_": false
}

[node name="TextureRect3" type="TextureRect" parent="HBoxContainer/VBoxContainer"]
margin_top = 684.0
margin_right = 600.0
margin_bottom = 884.0
texture = ExtResource( 2 )
script = ExtResource( 11 )

[node name="HBoxContainer" type="HBoxContainer" parent="HBoxContainer/VBoxContainer"]
margin_top = 888.0
margin_right = 600.0
margin_bottom = 1088.0

[node name="TextureRect2" type="TextureRect" parent="HBoxContainer/VBoxContainer/HBoxContainer"]
margin_right = 200.0
margin_bottom = 200.0
texture = SubResource( 2 )
script = ExtResource( 3 )

[node name="TextureRect" type="TextureRect" parent="HBoxContainer/VBoxContainer/HBoxContainer"]
margin_left = 204.0
margin_right = 404.0
margin_bottom = 200.0
texture = SubResource( 3 )
script = ExtResource( 12 )

[node name="CenterContainer" type="CenterContainer" parent="HBoxContainer"]
margin_left = 604.0
margin_right = 1970.0
margin_bottom = 1088.0

[node name="TextureRect" type="TextureRect" parent="HBoxContainer/CenterContainer"]
margin_top = 160.0
margin_right = 1366.0
margin_bottom = 928.0
texture = ExtResource( 4 )

[node name="Camera2D" type="Camera2D" parent="."]
position = Vector2( 942.69, 587.483 )
current = true
zoom = Vector2( 1.5, 1.5 )

[node name="ParallaxBackground" type="ParallaxBackground" parent="."]

[node name="Sprite" type="Sprite" parent="ParallaxBackground"]
position = Vector2( 729.975, 462.785 )
scale = Vector2( 1.41461, 0.932617 )
texture = ExtResource( 7 )
[connection signal="gui_input" from="HBoxContainer/VBoxContainer/TextureRect5" to="HBoxContainer/VBoxContainer/TextureRect5" method="_on_TextureRect5_gui_input"]
[connection signal="gui_input" from="HBoxContainer/VBoxContainer/TextureRect" to="HBoxContainer/VBoxContainer/TextureRect" method="_on_TextureRect_gui_input"]
[connection signal="gui_input" from="HBoxContainer/VBoxContainer/TextureRect3" to="HBoxContainer/VBoxContainer/TextureRect3" method="_on_TextureRect3_gui_input"]
[connection signal="gui_input" from="HBoxContainer/VBoxContainer/HBoxContainer/TextureRect2" to="HBoxContainer/VBoxContainer/HBoxContainer/TextureRect2" method="_on_TextureRect2_gui_input"]
[connection signal="gui_input" from="HBoxContainer/VBoxContainer/HBoxContainer/TextureRect" to="HBoxContainer/VBoxContainer/HBoxContainer/TextureRect" method="_on_TextureRect_gui_input"]
