[gd_scene load_steps=9 format=2]

[ext_resource path="res://Scenes/Player/Script/HUD.gd" type="Script" id=1]
[ext_resource path="res://Scenes/Player/Script/VBoxContainer.gd" type="Script" id=2]
[ext_resource path="res://Assets/PNG/HUD Menus Alt.png" type="Texture" id=3]
[ext_resource path="res://Assets/PNG/HUD Menus.png" type="Texture" id=4]
[ext_resource path="res://Assets/PNG/buttons pixel.png" type="Texture" id=5]
[ext_resource path="res://Assets/PNG/spritesheet_hud.png" type="Texture" id=6]
[ext_resource path="res://Scenes/Player/Script/VBoxContainer2.gd" type="Script" id=7]
[ext_resource path="res://Scenes/Player/Skill.gd" type="Script" id=8]

[node name="CanvasLayer" type="CanvasLayer"]
follow_viewport_enable = true
script = ExtResource( 1 )

[node name="VBoxContainer" type="VBoxContainer" parent="."]
margin_left = 1857.25
margin_top = -1780.4
margin_right = 2287.25
margin_bottom = -1593.4
script = ExtResource( 2 )
__meta__ = {
"_edit_use_anchors_": false
}

[node name="Sprite" type="Sprite" parent="VBoxContainer"]
position = Vector2( -4902.5, 1767.56 )
scale = Vector2( 2.85522, 7.49213 )
texture = ExtResource( 3 )
region_enabled = true
region_rect = Rect2( 0, 0, 266, 510 )

[node name="Sprite" type="Sprite" parent="VBoxContainer/Sprite"]
position = Vector2( -29.9209, 3.01075 )
scale = Vector2( 0.705506, 0.5578 )
texture = ExtResource( 5 )
hframes = 2
frame = 1
region_rect = Rect2( 3, 381, 294, 123 )

[node name="Sprite2" type="Sprite" parent="VBoxContainer"]
position = Vector2( -1850.1, 3540.66 )
scale = Vector2( 13.7788, 1.80537 )
texture = ExtResource( 4 )
region_enabled = true
region_rect = Rect2( 449, 346, 388, 149 )

[node name="Sprite3" type="Sprite" parent="VBoxContainer"]
show_behind_parent = true
position = Vector2( -1853.62, 55.2854 )
scale = Vector2( 13.6957, 2.19825 )
texture = ExtResource( 4 )
region_enabled = true
region_rect = Rect2( 449, 346, 388, 149 )

[node name="Sprite4" type="Sprite" parent="VBoxContainer"]
position = Vector2( 1168.31, 1781.17 )
scale = Vector2( 2.62305, 7.42071 )
texture = ExtResource( 4 )
region_enabled = true
region_rect = Rect2( 0, 0, 266, 510 )

[node name="Skill" type="Sprite" parent="VBoxContainer/Sprite4"]
position = Vector2( 1.11438, -180.25 )
scale = Vector2( 1.82829, 1 )
texture = ExtResource( 6 )
region_enabled = true
region_rect = Rect2( 164, 420, 51, 69 )
script = ExtResource( 8 )

[node name="Sprite2" type="Sprite" parent="VBoxContainer/Sprite4"]
position = Vector2( 1.92126, 182.009 )
scale = Vector2( 2.19254, 1 )
texture = ExtResource( 4 )
region_enabled = true
region_rect = Rect2( 286, 520, 87, 87 )

[node name="VBoxContainer2" type="VBoxContainer" parent="."]
margin_left = 114.587
margin_top = -1780.4
margin_right = 754.587
margin_bottom = -1593.4
script = ExtResource( 7 )
__meta__ = {
"_edit_use_anchors_": false
}
